<?xml version="1.0" encoding="UTF-8"?><collection xmlns="http://www.loc.gov/MARC21/slim"><record><leader>00457nam--2200169-i-4500</leader><controlfield tag="001">000010357</controlfield><controlfield tag="002">20161230</controlfield><controlfield tag="005">20170208132031</controlfield><controlfield tag="008">060222s1000------------r-----000-0-eng-d</controlfield><datafield ind1=" " ind2=" " tag="080"><subfield code="a">017:338.04</subfield></datafield><datafield ind1=" " ind2=" " tag="245"><subfield code="a">Compilation of united states nuclear standards 4 th edition 1967</subfield></datafield><datafield ind1=" " ind2=" " tag="260"><subfield code="a">Oak Ridge, Tenn</subfield><subfield code="b">O.R.N.L</subfield><subfield code="c">1968</subfield></datafield><datafield ind1=" " ind2=" " tag="300"><subfield code="a">IX + 139 p</subfield></datafield><datafield ind1=" " ind2=" " tag="490"><subfield code="a">Ornl-nsic</subfield><subfield code="v">43</subfield></datafield><datafield ind1=" " ind2=" " tag="700"><subfield code="a">Cottrell, William B</subfield></datafield><datafield ind1=" " ind2=" " tag="852"><subfield code="a">18975</subfield></datafield><datafield ind1=" " ind2=" " tag="CAT"><subfield code="a">SYS</subfield><subfield code="c">20170208</subfield><subfield code="h">132031</subfield></datafield></record></collection>